@Manual{R-base,
  title = {R: A Language and Environment for Statistical Computing},
  author = {{R Core Team}},
  organization = {R Foundation for Statistical Computing},
  address = {Vienna, Austria},
  year = {2017},
  url = {https://www.R-project.org/},
}
@Manual{R-bookdown,
  title = {bookdown: Authoring Books and Technical Documents with R Markdown},
  author = {Yihui Xie},
  year = {2017},
  note = {R package version 0.4},
  url = {https://CRAN.R-project.org/package=bookdown},
}
@Manual{R-diagram,
  title = {diagram: Functions for visualising simple graphs (networks), plotting
flow diagrams},
  author = {Karline Soetaert},
  year = {2014},
  note = {R package version 1.6.3},
  url = {https://CRAN.R-project.org/package=diagram},
}
@Manual{R-dplyr,
  title = {dplyr: A Grammar of Data Manipulation},
  author = {Hadley Wickham and Romain Francois and Lionel Henry and Kirill MÃ¼ller},
  year = {2017},
  note = {R package version 0.7.2},
  url = {https://CRAN.R-project.org/package=dplyr},
}
@Manual{R-ggplot2,
  title = {ggplot2: Create Elegant Data Visualisations Using the Grammar of Graphics},
  author = {Hadley Wickham and Winston Chang},
  year = {2016},
  note = {R package version 2.2.1},
  url = {https://CRAN.R-project.org/package=ggplot2},
}
@Manual{R-knitr,
  title = {knitr: A General-Purpose Package for Dynamic Report Generation in R},
  author = {Yihui Xie},
  year = {2017},
  note = {R package version 1.17},
  url = {https://CRAN.R-project.org/package=knitr},
}
@Manual{R-lsr,
  title = {lsr: Companion to "Learning Statistics with R"},
  author = {Daniel Navarro},
  year = {2015},
  note = {R package version 0.5},
  url = {https://CRAN.R-project.org/package=lsr},
}
@Manual{R-microbenchmark,
  title = {microbenchmark: Accurate Timing Functions},
  author = {Olaf Mersmann},
  year = {2015},
  note = {R package version 1.4-2.1},
  url = {https://CRAN.R-project.org/package=microbenchmark},
}
@Manual{R-mvtnorm,
  title = {mvtnorm: Multivariate Normal and t Distributions},
  author = {Alan Genz and Frank Bretz and Tetsuhisa Miwa and Xuefei Mi and Torsten Hothorn},
  year = {2016},
  note = {R package version 1.0-5},
  url = {https://CRAN.R-project.org/package=mvtnorm},
}
@Manual{R-plyr,
  title = {plyr: Tools for Splitting, Applying and Combining Data},
  author = {Hadley Wickham},
  year = {2016},
  note = {R package version 1.8.4},
  url = {https://CRAN.R-project.org/package=plyr},
}
@Manual{R-psych,
  title = {psych: Procedures for Psychological, Psychometric, and Personality
Research},
  author = {William Revelle},
  year = {2017},
  note = {R package version 1.6.12},
  url = {https://CRAN.R-project.org/package=psych},
}
@Manual{R-purrrlyr,
  title = {purrrlyr: Tools at the Intersection of 'purrr' and 'dplyr'},
  author = {Hadley Wickham},
  year = {2017},
  note = {R package version 0.0.2},
  url = {https://CRAN.R-project.org/package=purrrlyr},
}
@Manual{R-rmarkdown,
  title = {rmarkdown: Dynamic Documents for R},
  author = {JJ Allaire and Joe Cheng and Yihui Xie and Jonathan McPherson and Winston Chang and Jeff Allen and Hadley Wickham and Aron Atkins and Rob Hyndman and Ruben Arslan},
  year = {2017},
  note = {R package version 1.6},
  url = {https://CRAN.R-project.org/package=rmarkdown},
}
@Manual{R-shape,
  title = {shape: Functions for plotting graphical shapes, colors},
  author = {Karline Soetaert},
  year = {2014},
  note = {R package version 1.4.2},
  url = {https://CRAN.R-project.org/package=shape},
}
@Manual{R-tidyr,
  title = {tidyr: Easily Tidy Data with 'spread()' and 'gather()' Functions},
  author = {Hadley Wickham},
  year = {2017},
  note = {R package version 0.6.3},
  url = {https://CRAN.R-project.org/package=tidyr},
}
